@book{anderson2010fundamentals,
  title = {Fundamentals of Aerodynamics},
  author = {Anderson, J.},
  isbn = {9780073398105},
  lccn = {2009048907},
  series = {Anderson series},
  year = {2010},
  publisher = {McGraw-Hill Education}
}

@misc{scott2013mecanique,
  title = {Fluides et Energie},
  author = {Scott, J. and Gorokhovski, M. and Jeandel, D. and Leboeuf, F.},
  howpublished = {École Centrale de Lyon, 2013-2014},
  year = {2013}
}

@Book{amiroudine2014meéccanique,
 author = {Amiroudine, S. and Battaglia, J.},
 title = {Mécanique des fluides},
 publisher = {Dunod},
 year = {2014},
 address = {Paris},
 isbn = {978-2-10-070655-6}
 }
 
 @Book{battaglia2010introduction,
 author = {Battaglia, J. and Kusiak, A. and Puiggali, J.},
 title = {Introduction aux transferts thermiques},
 publisher = {Dunod},
 year = {2010},
 address = {Paris},
 isbn = {978-2-10-053076-2}
 }
 
